
@misc{noauthor_compression_nodate,
	title = {Compression {Springs}: {Calculation} {Formulas}},
	shorttitle = {Compression {Springs}},
	url = {https://www.tokaibane.com/en/spring-design/compression-springs-formulas},
	abstract = {Basic formulas used in designing springs. For calculation examples, symbols and units used for formulas, spring stress, elastic modulus etc., please refer to the things to note in spring design page.},
	language = {en-US},
	urldate = {2025-03-31},
	journal = {Tokai Spring industries, Inc.},
	file = {Snapshot:C\:\\Users\\darius\\Zotero\\storage\\AEH8IKG2\\compression-springs-formulas.html:text/html},
}

@misc{noauthor_properties_nodate,
	title = {Properties: {Stainless} {Steel} - {Grade} 304 ({UNS} {S30400})},
	shorttitle = {Properties},
	url = {https://www.azom.com/properties.aspx?ArticleID=965},
	abstract = {This article discusses the properties and applications of stainless steel grade 304 (UNS S30400).},
	language = {en},
	urldate = {2025-03-31},
	journal = {AZoM},
	file = {Snapshot:C\:\\Users\\darius\\Zotero\\storage\\XRFASWTM\\properties.html:text/html},
}
