@manual{ASTME10,
  title        = {Standard Test Method for Brinell Hardness of Metallic Materials},
  organization = {ASTM International},
  year         = {2023},
  number       = {E10-23},
  address      = {West Conshohocken, PA}
}

@manual{ASTME18,
  title        = {Standard Test Methods for Rockwell Hardness of Metallic Materials},
  organization = {ASTM International},
  year         = {2023},
  number       = {E18-23},
  address      = {West Conshohocken, PA}
}

@manual{ASTME92,
  title        = {Standard Test Methods for Vickers Hardness and Knoop Hardness of Metallic Materials},
  organization = {ASTM International},
  year         = {2023},
  number       = {E92-23},
  address      = {West Conshohocken, PA}
}

@manual{ASTME140,
  title        = {Standard Hardness Conversion Tables for Metals},
  organization = {ASTM International},
  year         = {2023},
  number       = {E140-23},
  address      = {West Conshohocken, PA}
}

@manual{ASTMD2240,
  title        = {Standard Test Method for Rubber Property---Durometer Hardness},
  organization = {ASTM International},
  year         = {2023},
  number       = {D2240-23},
  address      = {West Conshohocken, PA}
}
@book{CallisterMaterials,
  title        = {Materials Science and Engineering: An Introduction},
  author       = {William D. Callister and David G. Rethwisch},
  year         = {2020},
  edition      = {10th},
  publisher    = {Wiley},
  address      = {Hoboken, NJ},
  isbn         = {978-1-119-40549-8}
}

@techreport{DeneyerUncertainty,
  title        = {Uncertainty Analysis},
  author       = {L. Deneyer and J. Loeckx},
  year         = {2024},
  institution  = {KU Leuven},
  type         = {Lab Manual},
  note         = {1st Semester}
}

@techreport{LoeckxHardness,
  title        = {Hardness Measurements},
  author       = {J. Loeckx},
  year         = {2024},
  institution  = {KU Leuven},
  type         = {Lab Manual}
}
@unpublished{DewulfMaterials,
  author  = {W. Dewulf},
  title   = {Structure, Behaviour and Sustainability of Materials},
  note    = {Unpublished manuscript},
  year    = {2023},
  url     = {},  % Leave empty if no URL exists
}