@misc{unc,
    title = {Uncertanty Analysis(2024, 1st semester)},
    language = {en-US}, 
    urldate = {2025-3-11}, 
    author = {L. Deneyer and J. Loeckx},
    year = {2024},
}
@misc{ir,
title = {Battery internal resistance}, language = {en-US}, urldate = {25-3-11}, author = {Energizer LLC}, year = {2005},
}
@misc{report, title = {2 Potentiometer 21-22}, language = {en-us}, author = { J. Loeckx},}
@misc{noauthor_am-500_2019,
	title = {{AM}-500 {Multimeter}},
	shorttitle = {{USER} {Manual}},
	url = {https://www.amprobe.com/wp-content/uploads/2019/12/AM-500_DIY-PRO_Digital-Multimeter_Manual.pdf},
	language = {en-US},
	urldate = {2025-3-11},
	publisher = {Amprobe},
	month = dec,
	year = {2019},
}
